@article{extended,
author = {AJAY SETHI and SUPRATIM BISWAS and AMITABHA SANYAL},
title = {EXTENSIONS TO CYCLE SHRINKING},
journal = {International Journal of High Speed Computing},
volume = {07},
number = {02},
pages = {265-284},
year = {1995},
doi = {10.1142/S0129053395000154},
}

@ARTICLE{cycle1, 
author={Polychronopoulos, C.D.}, 
journal={Computers, IEEE Transactions on}, 
title={Compiler optimizations for enhancing parallelism and their impact on architecture design}, 
year={1988}, 
volume={37}, 
number={8}, 
pages={991-1004}, 
doi={10.1109/12.2249}, 
ISSN={0018-9340},
}



@book{allenoptimizing,
  title={Optimizing Compilers for Modern Architectures. 2002},
  author={Allen, Randy and Kennedy, Ken},
  publisher={Elsevier Pub}
}
